@article{wickham14,
  author = {Wickham, H.},
  title = {Tidy Data},
  year = {2014},
  issue_date = {Sep 2014},
  publisher = {the American Statistical Association},
  volume = {59},
  number = {10},
  url = {https://doi.org/10.18637/jss.v059.i10},
  doi = {10.18637/jss.v059.i10},
  journal = {Journal of Statistical Software},
  month = Sep,
  pages = {1-23},
  numpages = {23}
}





@book{Choat2564,
  title = {R สำหรับสถิติและวิทยาการข้อมูลทางการศึกษา : การจัดระเบียบและจัดกระทำข้อมูล},
  author = {สิวะโชติ ศรีสุทธิยากร},
  publisher = {คณะครุศาสตร์ จุฬาลงกรณ์มหาวิทยาลัย},
  address = {Boca Raton, Florida},
  year = {2564},
  edition = {1st},
  note = {},
  url = {http://yihui.org/knitr/},
}

@Manual{gapminder,
    title = {gapminder: Data from Gapminder},
     author = {Jennifer Bryan},
     note = {https://github.com/jennybc/gapminder,
 http://www.gapminder.org/data/,
 https://doi.org/10.5281/zenodo.594018},
   }





